<?xml version="1.0" encoding="UTF-8"?>
<record xmlns="http://www.loc.gov/MARC21/slim">
   <leader>02710cam a2200397Ia 4500</leader>
   <controlfield tag="001">3906972</controlfield>
   <controlfield tag="003">NjP</controlfield>
   <controlfield tag="005">20190705144414.0</controlfield>
   <controlfield tag="008">000301s1956    ir            000 0 arard</controlfield>
   <datafield tag="024" ind1="7" ind2=" ">
      <subfield code="a">princeton_aco003763</subfield>
      <subfield code="2">local</subfield>
   </datafield>
   <datafield ind1=" " ind2=" " tag="040">
      <subfield code="a">IUL</subfield>
      <subfield code="c">PUL</subfield>
      <subfield code="d">PUL</subfield>
   </datafield>
   <datafield ind1=" " ind2=" " tag="035">
      <subfield code="a">(NjP)3906972</subfield>
   </datafield>
   <datafield ind1=" " ind2="4" tag="050">
      <subfield code="a">BP194</subfield>
      <subfield code="b">.F38 1956</subfield>
   </datafield>
   <datafield ind1=" " ind2=" " tag="049">
      <subfield code="a">PULL</subfield>
   </datafield>
   <datafield ind1=" " ind2=" " tag="035">
      <subfield code="a">(OCoLC)ocm43549463</subfield>
   </datafield>
   <datafield ind1="1" ind2=" " tag="100">
      <subfield code="6">880-01</subfield>
      <subfield code="a">Fayḍ al-Kāshī, Muḥammad ibn Murtaḍá,</subfield>
      <subfield code="d">1598 or 1599-1680 or 1681</subfield>
      <subfield code="0">http://id.loc.gov/authorities/names/n80032186</subfield>
   </datafield>
   <datafield ind1="1" ind2="0" tag="240">
      <subfield code="6">880-02</subfield>
      <subfield code="a">Wāfī</subfield>
   </datafield>
   <datafield ind1="1" ind2="0" tag="245">
      <subfield code="6">880-03</subfield>
      <subfield code="a">Kitāb al-Wāfī /</subfield>
      <subfield code="c">taʼlīf Muḥammad Muḥsin ibn al-Shāh Murtaḍá al-mushtahir bi-al-Fayḍ al-Kāshānī ; wa-ʻalayhi taʻlīqat Rafīʻ al-Dīn al-Nāʼīnī wa-mukhtarāt min taʻlīqat Murād ibn ʻAlaykhān al-Tafrīshī wa-taʻlīqat Sulṭān al-ʻUlamāʼ ; ʻuniya bi-al-taʻlīq wa-jamʻ al-ḥawāshī wa-taḥqīqihā wa-taṣḥīḥihā Abū al-Ḥasan al-madʻū bi-al-Shaʻrānī.</subfield>
   </datafield>
   <datafield ind1=" " ind2=" " tag="260">
      <subfield code="6">880-04</subfield>
      <subfield code="a">Ṭihrān :</subfield>
      <subfield code="b">al-Maktabah al-Islāmīyah,</subfield>
      <subfield code="c">1956.</subfield>
   </datafield>
   <datafield ind1=" " ind2=" " tag="300">
      <subfield code="a">3 v.</subfield>
   </datafield>
   <datafield ind1=" " ind2="0" tag="650">
      <subfield code="a">Hadith (Shiites)</subfield>
      <subfield code="v">Early works to 1800.</subfield>
      <subfield code="0">http://id.loc.gov/authorities/subjects/sh2008121359</subfield>
   </datafield>
   <datafield ind1=" " ind2="0" tag="650">
      <subfield code="a">Shīʻah</subfield>
      <subfield code="v">Early works to 1800.</subfield>
      <subfield code="0">http://id.loc.gov/authorities/subjects/sh2008111617</subfield>
   </datafield>
   <datafield ind1="1" ind2=" " tag="700">
      <subfield code="6">880-05</subfield>
      <subfield code="a">Rafīʻā, Muḥammad ibn Ḥaydar,</subfield>
      <subfield code="d">1588 or 1589-1670?</subfield>
      <subfield code="0">http://id.loc.gov/authorities/names/nr98039987</subfield>
   </datafield>
   <datafield ind1="1" ind2=" " tag="700">
      <subfield code="6">880-06</subfield>
      <subfield code="a">Tafrīshī, Murād ibn ʻAlīkhān,</subfield>
      <subfield code="d">1557 or 8-1642.</subfield>
   </datafield>
   <datafield ind1="1" ind2=" " tag="700">
      <subfield code="6">880-07</subfield>
      <subfield code="a">Sulṭān al-ʻUlamāʼ, Ḥusayn ibn Rafīʻ,</subfield>
      <subfield code="d">d. 1654?.</subfield>
   </datafield>
   <datafield ind1="1" ind2=" " tag="700">
      <subfield code="6">880-08</subfield>
      <subfield code="a">Shaʻrānī, Abū al-Ḥasan.</subfield>
   </datafield>
   <datafield ind1="1" ind2=" " tag="880">
      <subfield code="6">100-01/r</subfield>
      <subfield code="a">فيض الكاشي، محمد بن مرتضى،</subfield>
      <subfield code="d">1598 or 9-1680 or 81.</subfield>
   </datafield>
   <datafield ind1="1" ind2="0" tag="880">
      <subfield code="6">240-02/r</subfield>
      <subfield code="a">وافي</subfield>
   </datafield>
   <datafield ind1="1" ind2="0" tag="880">
      <subfield code="6">245-03/r</subfield>
      <subfield code="a">كتاب الوافي /</subfield>
      <subfield code="c">تأليف محمد محسن بن الشاه مرتضى المشتهر بالفيض الكاشاني ؛ وعليه تعليقة رفيع الدين النائيني ومخترات من تعليقة مراد بن عليخان التفريشي وتعليقة سلطان العلماء ؛ عني بالتعليق وجمع الحواشي وتحقيقها وتصحيحها ابو الحسن المدعوا بالشعراني.</subfield>
   </datafield>
   <datafield ind1=" " ind2=" " tag="880">
      <subfield code="6">260-04/r</subfield>
      <subfield code="a">طهران :</subfield>
      <subfield code="b">المكتبة الاسلامية،</subfield>
      <subfield code="c">1956.</subfield>
   </datafield>
   <datafield ind1="1" ind2=" " tag="880">
      <subfield code="6">700-05/r</subfield>
      <subfield code="a">رفيعا، محمد بن حيدر،</subfield>
      <subfield code="d">1588 or 1589-1670?</subfield>
   </datafield>
   <datafield ind1="1" ind2=" " tag="880">
      <subfield code="6">700-06/r</subfield>
      <subfield code="a">تفريشي، مراد بن عليخان،</subfield>
      <subfield code="d">1557 or 8-1642.</subfield>
   </datafield>
   <datafield ind1="1" ind2=" " tag="880">
      <subfield code="6">700-07/r</subfield>
      <subfield code="a">سلطان العلماء، حسين بن رفيع،</subfield>
      <subfield code="d">d. 1654?.</subfield>
   </datafield>
   <datafield ind1="1" ind2=" " tag="880">
      <subfield code="6">700-08/r</subfield>
      <subfield code="a">شعراني، ابو الحسن.</subfield>
   </datafield>
   <datafield ind1=" " ind2=" " tag="904">
      <subfield code="a">mv</subfield>
      <subfield code="b">o</subfield>
      <subfield code="h">m</subfield>
      <subfield code="c">t</subfield>
      <subfield code="e">20030604</subfield>
   </datafield>
   <datafield ind1=" " ind2=" " tag="994">
      <subfield code="a">C0</subfield>
      <subfield code="b">PUL</subfield>
   </datafield>
   <datafield ind1=" " ind2=" " tag="999">
      <subfield code="a">3906972</subfield>
   </datafield>
   <datafield ind1=" " ind2=" " tag="979">
      <subfield code="a">(OCoLC)ocn178819413</subfield>
   </datafield>
   <datafield ind1="0" ind2=" " tag="852">
      <subfield code="0">4205197</subfield>
      <subfield code="b">rcppa</subfield>
      <subfield code="h">BP194</subfield>
      <subfield code="i">.F38 1956q</subfield>
      <subfield code="x">tr fr nec</subfield>
   </datafield>
   <datafield ind1=" " ind2="0" tag="866">
      <subfield code="0">4205197</subfield>
      <subfield code="a">mujallad 1-3</subfield>
   </datafield>
   <datafield ind1=" " ind2=" " tag="959">
      <subfield code="a">2009-02-17 17:25:13 -0400</subfield>
   </datafield>
</record>
